<record><leader>00000cas a22000007a 4500</leader><controlfield tag="001">16658477</controlfield><controlfield tag="008">870909d19421942iauwr ne      0    0eng d</controlfield><datafield ind1=" " ind2=" " tag="010"><subfield code="a">sn 87057831 </subfield></datafield><datafield ind1=" " ind2=" " tag="040"><subfield code="a">INP</subfield><subfield code="b">eng</subfield><subfield code="c">INP</subfield><subfield code="d">OCLCQ</subfield></datafield><datafield ind1=" " ind2=" " tag="042"><subfield code="a">msc</subfield></datafield><datafield ind1="0" ind2="4" tag="245"><subfield code="a">The Globe-free press.</subfield></datafield><datafield ind1="1" ind2="3" tag="246"><subfield code="a">Globe-free press and the Paton portrait and the Rippey news</subfield></datafield><datafield ind1=" " ind2=" " tag="260"><subfield code="a">Grand Junction, Iowa :</subfield><subfield code="b">H., G. and R. Wertz,</subfield><subfield code="c">1942.</subfield></datafield><datafield ind1=" " ind2=" " tag="300"><subfield code="a">1 v.</subfield></datafield><datafield ind1=" " ind2=" " tag="310"><subfield code="a">Weekly</subfield></datafield><datafield ind1="0" ind2=" " tag="362"><subfield code="a">Vol. 71, no. 32 (Aug. 6, 1942)-v. 71, no. 49 (Dec. 3, 1942).</subfield></datafield><datafield ind1=" " ind2=" " tag="752"><subfield code="a">United States</subfield><subfield code="b">Iowa</subfield><subfield code="c">Greene</subfield><subfield code="d">Grand Junction.</subfield></datafield><datafield ind1="0" ind2="4" tag="780"><subfield code="t">Grand Junction free press</subfield></datafield><datafield ind1="0" ind2="4" tag="780"><subfield code="t">Grand Junction globe and the Paton portrait and the Rippey news</subfield><subfield code="w">(DLC)sn 87057830</subfield></datafield><datafield ind1="0" ind2="0" tag="785"><subfield code="t">Globe-free press and the Paton portrait and the Rippey news</subfield><subfield code="w">(DLC)sn 87057832</subfield></datafield></record>